% This file was created with JabRef 2.10.
% Encoding: Cp1252


@Electronic{open_vpn_wiki,
  Author                   = {Wikipedia contributors},
  Month                    = {december},
  Organization             = {Wikipedia, The Free Encyclopedia.},
  Url                      = {http://en.wikipedia.org/w/index.php?title=OpenVPN&oldid=636771873},
  Year                     = {2014},

  Owner                    = {windows8},
  Timestamp                = {2014.12.05}
}

@Electronic{torrouter,
  Title                    = {81% of Tor users can be de-anonymised by analysing router information, research indicates},
  Author                   = {Martin Anderson},
  Month                    = {November},
  Organization             = {The Stack},
  Url                      = {http://thestack.com/chakravarty-tor-traffic-analysis-141114},
  Year                     = {2014},

  Owner                    = {Jan},
  Timestamp                = {2014.12.04}
}

@Electronic{wired_tor_bust,
  Title                    = {Feds Seize Silk Road 2 in Major Dark Web Drug Bust},
  Author                   = {Andy Greenberg},
  Month                    = {november},
  Organization             = {wired.com},
  Url                      = {http://www.wired.com/2014/11/dark-web-seizures/},
  Year                     = {2014},

  Owner                    = {Jan},
  Timestamp                = {2014.12.05}
}

@Electronic{lev_bin_apt,
  Title                    = {The Case of the Modified Binaries},
  Author                   = {Josh Pitts},
  Month                    = {The Case of the Modified Binaries},
  Organization             = {leviathansecurity.com},
  Url                      = {http://www.leviathansecurity.com/blog/the-case-of-the-modified-binaries/},
  Year                     = {2014},

  Owner                    = {Jan},
  Timestamp                = {2014.12.05}
}

@Electronic{traffic_analysis,
  Title                    = {On the Effectiveness of Traffic Analysis Against Anonymity Networks Using Flow Records},
  Author                   = {Sambuddho Chakravarty, Marco V. Barbera, Georgios Portokalidis,
Michalis Polychronakis, Angelos D. Keromytis},
  Month                    = {December},
  Organization             = {Columbia University, New York, NY, USA / Stevens Institute of Technology, Hoboken, NJ, USA / Sapienza Universita Di Roma, Rome, Italy},
  Url                      = {https://mice.cs.columbia.edu/getTechreport.php?techreportID=1545&format=pdf&},
  Year                     = {2014},

  Owner                    = {Jan},
  Timestamp                = {2014.12.05}
}

@Electronic{nsamitm,
  Title                    = {Attacking Tor: how the NSA targets users' online anonymity},
  Author                   = {Bruce Schneier},
  Month                    = {October},
  Organization             = {the guardian},
  Url                      = {http://www.theguardian.com/world/2013/oct/04/tor-attacks-nsa-users-online-anonymity},
  Year                     = {2014},

  Owner                    = {Jan},
  Timestamp                = {2014.12.04}
}

@Electronic{wiki_canvas,
  Title                    = {Canvas fingerprinting --- Wikipedia{,} The Free Encyclopedia},
  Author                   = {Wikipedia},
  Month                    = {december},
  Organization             = {Wikipedia},
  Url                      = {http://en.wikipedia.org/w/index.php?title=Canvas_fingerprinting&oldid=633888278},
  Year                     = {2014},

  Owner                    = {Jan},
  Timestamp                = {2014.12.04}
}

@Electronic{wiki_cookie,
  Title                    = {HTTP cookie --- Wikipedia{,} The Free Encyclopedia},
  Author                   = {Wikipedia},
  Month                    = {december},
  Url                      = {http://en.wikipedia.org/w/index.php?title=HTTP_cookie&oldid=636454636},
  Year                     = {2014},

  Owner                    = {Jan},
  Timestamp                = {2014.12.04}
}

@Electronic{wiki_vpn,
  Title                    = {Virtual private network --- Wikipedia{,} The Free Encyclopedia},
  Author                   = {Wikipedia},
  Month                    = {December},
  Organization             = {Wikipedia},
  Url                      = {http://en.wikipedia.org/w/index.php?title=Virtual_private_network&oldid=636505736},
  Year                     = {2014},

  Owner                    = {Jan},
  Timestamp                = {2014.12.05}
}

@Electronic{appnexus,
  Title                    = {AppNexus Cookies},
  Month                    = {december},
  Organization             = {appnexus},
  Url                      = {http://www.appnexus.com/cookies},
  Year                     = {2014},

  Owner                    = {Jan},
  Timestamp                = {2014.12.04}
}

@Electronic{euro_tor_bust,
  Title                    = {Global action against dark markets on tor network},
  Month                    = {November},
  Organization             = {Europol},
  Url                      = {https://www.europol.europa.eu/content/global-action-against-dark-markets-tor-network},
  Year                     = {2014},

  Owner                    = {Jan},
  Timestamp                = {2014.12.05}
}

@Electronic{fsecapt,
  Title                    = {OnionDuke: APT Attacks Via the Tor Network},
  Month                    = {November},
  Organization             = {FSLabs},
  Url                      = {https://www.f-secure.com/weblog/archives/00002764.html},
  Year                     = {2014},

  Owner                    = {Jan},
  Timestamp                = {2014.11.14}
}

